@online {Algorythm:PIP,
  author = {Eric Haines},
  title = {Point in Polygon Strategies},
  publisher = {Academic Press},
  pages = {24-46},
  year = {1994},
  booktitle = {Graphics Gems IV},
  editor = {Paul Heckbert},
  url = {http://erich.realtimerendering.com/ptinpoly/}
}

@book {Formula:Dieudonne,
  author = {Дьедонне, Жан},
  title = {Основы современного анализа},
  location = {Москва},
  publisher = {Мир},
  year = {1964},
  chapter = {9.8.2},
  pages = {254—255}
}

@inbook {Functions:Analytic,
  author = {Евграфов М. А},
  chapter = {1. Введение},
  title = {Аналитические функции},
  edition = {3-е издание},
  location = {Москва},
  publisher = {Наука. Гл. ред. физ.-мат. лит},
  year = {1991},
  page = {40},
  ISBN = {5-02-014200-X}
}

@article {Algorythm:WeilerProposal,
  author = {K. Weiler},
  editor = {P. Heckbert},
  title = {An incremental angle point in polygon test},
  journal = {Graphic Gems IV},
  publisher = {Academic Press},
  year = {1994},
  pages = {16-23},
  location = {Boston, MA}
}

@article {Algorythm:Weiler,
  author = {Hormann K., Agathos A.},
  title = {The point in polygon problem for arbitrary polygons},
  journal = {Comput. Geom. Theory Appl.},
  year = {2001},
  volume = {20},
  pages = {131 - 144},
  url = {http://citeseerx.ist.psu.edu/viewdoc/download?doi=10.1.1.88.5498&rep=rep1&type=pdf}
}

@article {recommendation-dataset,
  author = {Harper F. M., Konstan J. A.},
  title = {The movielens datasets: History and context},
  year = {2016},
  page = {19},
  volume = 5,
  numner = 4,
  journal = {ACM Transactions on Interactive Intelligent Systems (TiiS)}
}
